
@article{ding2023clip4mc,
  title={CLIP4MC: An RL-Friendly Vision-Language Model for Minecraft},
  author={Ding, Ziluo and Luo, Hao and Li, Ke and Yue, Junpeng and Huang, Tiejun and Lu, Zongqing},
  journal={arXiv preprint arXiv:2303.10571},
  year={2023}
}